
@INPROCEEDINGS{first_steps,
author={M. R. Bonyadi and Z. Michalewicz and L. Barone},
booktitle={2013 IEEE Congress on Evolutionary Computation},
title={The travelling thief problem: The first step in the transition from theoretical problems to realistic problems},
year={2013},
volume={},
number={},
pages={1037-1044},
keywords={knapsack problems;optimisation;travelling salesman problems;travelling thief problem;meta-heuristic methods;real-world problem characteristics;combination characteristics;interdependence characteristics;real-world problem complexity;benchmark problem complexity;knapsack problem;travelling salesman problem;Cities and towns;Benchmark testing;NP-hard problem;Optimization;Storage tanks;Evolutionary computation;Real-world problems;NP-hard problems;combinatorial benchmark problems;complexity},
doi={10.1109/CEC.2013.6557681},
ISSN={1089-778X},
month={June},}


@inproceedings{Polyakovskiy:2014:CBS:2576768.2598249,
 author = {Polyakovskiy, Sergey and Bonyadi, Mohammad Reza and Wagner, Markus and Michalewicz, Zbigniew and Neumann, Frank},
 title = {A Comprehensive Benchmark Set and Heuristics for the Traveling Thief Problem},
 booktitle = {Proceedings of the 2014 Annual Conference on Genetic and Evolutionary Computation},
 series = {GECCO '14},
 year = {2014},
 isbn = {978-1-4503-2662-9},
 location = {Vancouver, BC, Canada},
 pages = {477--484},
 numpages = {8},
 url = {http://doi.acm.org/10.1145/2576768.2598249},
 doi = {10.1145/2576768.2598249},
 acmid = {2598249},
 publisher = {ACM},
 address = {New York, NY, USA},
 keywords = {benchmarks, interdependence, knapsack problem, traveling thief problem},
}


@inproceedings{Blank:2017:SBT:3088676.3088680,
 author = {Blank, Julian and Deb, Kalyanmoy and Mostaghim, Sanaz},
 title = {Solving the Bi-objective Traveling Thief Problem with Multi-objective Evolutionary Algorithms},
 booktitle = {9th International Conference on Evolutionary Multi-Criterion Optimization - Volume 10173},
 series = {EMO 2017},
 year = {2017},
 isbn = {978-3-319-54156-3},
 location = {M\&\#252;nster, Germany},
 pages = {46--60},
 numpages = {15},
 url = {https://doi.org/10.1007/978-3-319-54157-0_4},
 doi = {10.1007/978-3-319-54157-0_4},
 acmid = {3088680},
 publisher = {Springer-Verlag},
 address = {Berlin, Heidelberg},
 keywords = {Combinatoric problems, Discrete optimization, Interwoven systems, Knapsack problem, Multi-objective optimization, Traveling Salesman Problem, Traveling Thief Problem},
}
[download]